@misc{prevention,
	title = "Prevention is life- and cost-saving",
	year = "2020",
        url = "https://www.ncbi.nlm.nih.gov/pmc/articles/PMC7251356/"
}

@misc{security,
	title = "Enhancing Payment Security Through AI-Driven Anomaly Detection and Predictive Analytics",
	year = "2022",
        url = "https://vectoral.org/index.php/IJSICS/article/view/99"
}

@misc{wired,
	title = "OpenAIâ€™s Custom Chatbots Are Leaking Their Secrets",
	year = "2023",
        url = "https://www.wired.com/story/openai-custom-chatbots-gpts-prompt-injection-attacks/"
}

@misc{bedside,
	title = "Comparing Physician and Artificial Intelligence Chatbot Responses to Patient Questions Posted to a Public Social Media Forum",
	year = "2023",
        url = "https://jamanetwork.com/journals/jamainternalmedicine/article-abstract/2804309"
}