@misc{pubmed,
	title = "Cognitive computing technological trends and future research directions in healthcare - A systematic literature review",
	year = "2023",
        url = "https://pubmed.ncbi.nlm.nih.gov/36990590/"
}

@misc{emb,
	title = "The Classroom of the Future: Cognitive Computing in Education",
	year = "2024",
        url = "https://blog.emb.global/cognitive-computing-in-education"
}


@misc{packtpub,
	title = "Large Language Models (LLMs) in Education",
	year = "2024",
        url = "https://www.packtpub.com/article-hub/large-language-models-llms-in-education"
}


@misc{pulse,
	title = "How cognitive computing will transform the finance industry",
	year = "2019",
        url = "https://www.linkedin.com/pulse/how-cognitive-computing-transform-finance-industry-naveen-joshi"
}


