@misc{pubmed,
	title = "Cognitive computing technological trends and future research directions in healthcare - A systematic literature review",
	year = "2023",
        url = "https://pubmed.ncbi.nlm.nih.gov/36990590/"
}

@misc{emb,
	title = "The Classroom of the Future: Cognitive Computing in Education",
	year = "2024",
        url = "https://blog.emb.global/cognitive-computing-in-education"
}


@misc{packtpub,
	title = "Large Language Models (LLMs) in Education",
	year = "2024",
        url = "https://www.packtpub.com/article-hub/large-language-models-llms-in-education"
}


@misc{pulse,
	title = "How cognitive computing will transform the finance industry",
	year = "2019",
        url = "https://www.linkedin.com/pulse/how-cognitive-computing-transform-finance-industry-naveen-joshi"
}

@misc{context,
	title = "Context Analysis",
	year = "2023",
        url = "https://www.larksuite.com/en_us/topics/ai-glossary/context-analysis"
}


@misc{transform,
	title = "Transformative Potential of AI in Healthcare: Definitions, Applications, and Navigating the Ethical Landscape and Public Perspectives",
	year = "2024",
        url = "https://www.ncbi.nlm.nih.gov/pmc/articles/PMC10815906"
}
@misc{prevention,
	title = "Prevention is life- and cost-saving",
	year = "2020",
        url = "https://www.ncbi.nlm.nih.gov/pmc/articles/PMC7251356/"
}

@misc{security,
	title = "Enhancing Payment Security Through AI-Driven Anomaly Detection and Predictive Analytics",
	year = "2022",
        url = "https://vectoral.org/index.php/IJSICS/article/view/99"
}

@misc{wired,
	title = "OpenAI’s Custom Chatbots Are Leaking Their Secrets",
	year = "2023",
        url = "https://www.wired.com/story/openai-custom-chatbots-gpts-prompt-injection-attacks/"
}

@misc{bedside,
	title = "Comparing Physician and Artificial Intelligence Chatbot Responses to Patient Questions Posted to a Public Social Media Forum",
	year = "2023",
        url = "https://jamanetwork.com/journals/jamainternalmedicine/article-abstract/2804309"
}
@misc{Noel,
	title = "Repurposing",
	year = "2024",
        url = "https://belfastmet.instructure.com/courses/2315/files/929935?wrap=1"
}

@misc{bedside,
	title = "Comparing Physician and Artificial Intelligence Chatbot Responses to Patient Questions Posted to a Public Social Media Forum",
	year = "2023",
        url = "https://jamanetwork.com/journals/jamainternalmedicine/article-abstract/2804309"
}

@misc{futr,
	title = "CHATBOTS FOR BOOKINGS",
	year = "2024",
        url = "https://futr.ai/chatbots-for-bookings/"
}

@misc{booking,
	title = "The effect of chatbots in travel industry",
	year = "2017",
        url = "https://partner.booking.com/en-gb/click-magazine/trends-insights/effect-chatbots-travel-industry-click-bookingcom#understanding-customer-needs-"
}

@misc{velma,
	title = "VELMA THE VIRTUAL ASSISTANT",
	year = "2024",
        url = "https://www.quicktext.im/hotel-chatbot/"
}

@misc{gyan,
	title = "AI-Driven Safety Root-Cause Analysis Tool",
	year = "2024",
        url = "https://www.gyanbots.com/safety-root-cause-tool#:~:text=This%20AI%2DPowered%20Chat%20Bot,enter%20a%20scenario%20to%20analyse."
}

@misc{devops,
	title = "Root Cause Analysis Bot using Machine Learning Techniques",
	year = "2023",
        url = "https://www.techrxiv.org/users/687812/articles/680915-root-cause-analysis-bot-using-machine-learning-techniques"
}
@misc{JohnLewisChristmasCampaigns,
	title = "John Lewis Christmas Campaigns ",
	year = "2022",
        url = "https://www.grocerygazette.co.uk/2022/11/17/john-lewis-christmas-advert/"
}

@misc{JohnLewisPowerful,
	url = "https://h2o-creative.com/blogs/what-makes-john-lewis-christmas-adverts-so-powerful/",
	title = "What makes John Lewis’ Christmas adverts so powerful?",
	year = "2019"
} 

@misc{ThisGirlCan,
	url = "https://idealmarketingcompany.co.uk/social-meida-campaign-goes-viral/",
	title = "Social media campaign ‘This Girl Can’ goes viral",
	year = "2015"
} 

@misc{McD,
	url = "https://www.reutersevents.com/marketing/customer-experience/mcdstories-or-how-not-run-twitter-campaign",
	title = "\#McDStories, or How Not Run a Twitter Campaign",
	year = "2015"
} 

@misc{Dove,
	url = "https://www.theguardian.com/world/2017/oct/08/dove-apologises-for-ad-showing-black-woman-turning-into-white-one",
	title = "Dove apologises for ad showing black woman turning into white one",
	year = "2017"
} 

@misc{19Crimes,
	url = "https://www.brafton.com/blog/content-marketing/digital-marketing-examples/",
	title = "The 13 Best Digital Marketing Examples from This Year",
	year = "2021"
} 

@misc{Dunkin,
	url = "https://filestage.io/blog/best-tiktok-ads/",
	title = "Dunkin’ and Charli D’amelio",
	year = "2024"
} 

@misc{BK,
	url = "https://contentworks.agency/cringiest-marketing-fails-of-2021/",
	title = "Burger King's 'Whopper' of a Twitter Blunder",
	year = "2021"
} 

@misc{Ford,
	url = "https://www.bluleadz.com/blog/10-of-the-biggest-marketing-fails-of-2017",
	title = "Ford: Print Misfire",
	year = "2017"
} 
@misc{sprout,
	title = "Choosing the right social media channels for your business",
	year = "2021",
        url = "https://sproutsocial.com/insights/social-media-channels/"
}

@misc{sproutage,
	title = "Social media demographics to inform your 2024 strategy",
	year = "2024",
        url = "https://sproutsocial.com/insights/new-social-media-demographics/"
}

@misc{ownersage,
	title = "Pet Ownership Statistics 2024",
	year = "2024",
        url = "https://www.forbes.com/advisor/pet-insurance/pet-ownership-statistics/"
}

@misc{pixel,
	title = "Social Media Channels Explained",
	year = "2016",
        url = "https://www.the-pixel.com/social-media-channels-explained/"
}

@misc{data,
	title = "Data: Pet Owners Far More Likely to Be Female, Affluent, Older",
	year = "2020",
        url = "https://www.prnewswire.com/news-releases/data-pet-owners-far-more-likely-to-be-female-affluent-older-301035570.html"
}

@misc{Forbes,
	title = "Pet Ownership Statistics 2024",
	year = "2024",
        url = "https://www.prnewswire.com/news-releases/data-pet-owners-far-more-likely-to-be-female-affluent-older-301035570.html"
}

@misc{avma,
	title = "Dog ownership and veterinary visits by income bracket",
	year = "2020",
        url = "https://www.avma.org/javma-news/2020-02-01/dog-ownership-and-veterinary-visits-income-bracket"
}
@misc{dama,
	title = "DAMA Data Management",
	year = "2024",
        url = "https://d3lut3gzcpx87s.cloudfront.net/image_encoded/aHR0cHM6Ly9zaWxrc3RhcnQuczMuYW1hem9uYXdzLmNvbS81ZWZkZjdjNDg5M2FhYTA0YjgwNzcwMjYuanBn/x"
}

@misc{Meta,
	title = "The biggest data breach fines, penalties, and settlements so far",
	year = "2024",
        url = "https://www.csoonline.com/article/567531/the-biggest-data-breach-fines-penalties-and-settlements-so-far.html"
}
@misc{waterfallref,
	title = "Waterfall model",
	year = "2024",
        url = "https://en.wikipedia.org/wiki/Waterfall_model"
}

@misc{purple,
	title = "12 Project Management Methodologies: Your Guide",
	year = "2024",
        url = "https://www.coursera.org/articles/project-management-methodologies-your-guide"
}

@misc{royce,
	title = "Managing the development of large software systems",
	year = "1970",
        url = "https://www.praxisframework.org/files/royce1970.pdf"
}

@misc{diffs,
	title = "Agile vs. Waterfall: What's the difference?",
	year = "2022",
        url = "https://www.forecast.app/blog/difference-between-agile-waterfall"
}

@misc{diffscrum,
	title = "PRINCE2 and Scrum – a comparison",
	year = "2020",
        url = "https://www.forecast.app/blog/difference-between-agile-waterfall"
}

@misc{modernwaterfall,
	title = "PRINCE2 and Scrum – a comparison",
	year = "2020",
        url = "https://www.forecast.app/blog/difference-between-agile-waterfall"
}
