@misc{dama,
	title = "DAMA Data Management",
	year = "2024",
        url = "https://d3lut3gzcpx87s.cloudfront.net/image_encoded/aHR0cHM6Ly9zaWxrc3RhcnQuczMuYW1hem9uYXdzLmNvbS81ZWZkZjdjNDg5M2FhYTA0YjgwNzcwMjYuanBn/x"
}

@misc{Meta,
	title = "The biggest data breach fines, penalties, and settlements so far",
	year = "2024",
        url = "https://www.csoonline.com/article/567531/the-biggest-data-breach-fines-penalties-and-settlements-so-far.html"
}


@misc{genz,
	title = "Defining generations: Where Millennials end and Generation Z begins",
	year = "2019",
        url = "https://www.pewresearch.org/fact-tank/2019/01/17/where-millennials-end-and-generation-z-begins/"
}

@misc{cac,
	title = "History of the Cambridge Analytica Controversy",
	year = "2023",
        url = "https://bipartisanpolicy.org/blog/cambridge-analytica-controversy/"
}

@misc{moreorless,
	title = "Do one in five young Americans think the holocaust is a myth?",
	year = "2024",
        url = "https://www.bbc.co.uk/programmes/p0hvtlmh"
}

@misc{gender,
	title = "SOCIAL MEDIA USAGE BY GENDER",
	year = "2024",
        url = "https://www.oberlo.com/statistics/social-media-usage-by-gender"
}

@misc{income,
	title = "Distribution of social network users in the United Kingdom (UK) as of March 2024, by household income",
	year = "2024",
        url = "https://www.statista.com/statistics/1401049/uk-social-media-users-by-income/"
}
