@misc{JohnLewisChristmasCampaigns,
	title = "John Lewis Christmas Campaigns ",
	year = "2022",
        url = "https://www.grocerygazette.co.uk/2022/11/17/john-lewis-christmas-advert/"
}

@misc{JohnLewisPowerful,
	url = "https://h2o-creative.com/blogs/what-makes-john-lewis-christmas-adverts-so-powerful/",
	title = "What makes John Lewis’ Christmas adverts so powerful?",
	year = "2019"
} 

@misc{ThisGirlCan,
	url = "https://idealmarketingcompany.co.uk/social-meida-campaign-goes-viral/",
	title = "Social media campaign ‘This Girl Can’ goes viral",
	year = "2015"
} 

@misc{McD,
	url = "https://www.reutersevents.com/marketing/customer-experience/mcdstories-or-how-not-run-twitter-campaign",
	title = "\#McDStories, or How Not Run a Twitter Campaign",
	year = "2015"
} 

@misc{Dove,
	url = "https://www.theguardian.com/world/2017/oct/08/dove-apologises-for-ad-showing-black-woman-turning-into-white-one",
	title = "Dove apologises for ad showing black woman turning into white one",
	year = "2017"
} 

@misc{19Crimes,
	url = "https://www.brafton.com/blog/content-marketing/digital-marketing-examples/",
	title = "The 13 Best Digital Marketing Examples from This Year",
	year = "2021"
} 

@misc{Dunkin,
	url = "https://filestage.io/blog/best-tiktok-ads/",
	title = "Dunkin’ and Charli D’amelio",
	year = "2024"
} 

@misc{BK,
	url = "https://contentworks.agency/cringiest-marketing-fails-of-2021/",
	title = "Burger King's 'Whopper' of a Twitter Blunder",
	year = "2021"
} 

@misc{Ford,
	url = "https://www.bluleadz.com/blog/10-of-the-biggest-marketing-fails-of-2017",
	title = "Ford: Print Misfire",
	year = "2017"
} 
