@misc{sprout,
	title = "Choosing the right social media channels for your business",
	year = "2021",
        url = "https://sproutsocial.com/insights/social-media-channels/"
}

@misc{sproutage,
	title = "Social media demographics to inform your 2024 strategy",
	year = "2024",
        url = "https://sproutsocial.com/insights/new-social-media-demographics/"
}

@misc{ownersage,
	title = "Pet Ownership Statistics 2024",
	year = "2024",
        url = "https://www.forbes.com/advisor/pet-insurance/pet-ownership-statistics/"
}

@misc{pixel,
	title = "Social Media Channels Explained",
	year = "2016",
        url = "https://www.the-pixel.com/social-media-channels-explained/"
}

@misc{data,
	title = "Data: Pet Owners Far More Likely to Be Female, Affluent, Older",
	year = "2020",
        url = "https://www.prnewswire.com/news-releases/data-pet-owners-far-more-likely-to-be-female-affluent-older-301035570.html"
}

@misc{Forbes,
	title = "Pet Ownership Statistics 2024",
	year = "2024",
        url = "https://www.prnewswire.com/news-releases/data-pet-owners-far-more-likely-to-be-female-affluent-older-301035570.html"
}

@misc{avma,
	title = "Dog ownership and veterinary visits by income bracket",
	year = "2020",
        url = "https://www.avma.org/javma-news/2020-02-01/dog-ownership-and-veterinary-visits-income-bracket"
}