@misc{waterfallref,
	title = "Waterfall model",
	year = "2024",
        url = "https://en.wikipedia.org/wiki/Waterfall_model"
}

@misc{purple,
	title = "12 Project Management Methodologies: Your Guide",
	year = "2024",
        url = "https://www.coursera.org/articles/project-management-methodologies-your-guide"
}

@misc{royce,
	title = "Managing the development of large software systems",
	year = "1970",
        url = "https://www.praxisframework.org/files/royce1970.pdf"
}

@misc{diffs,
	title = "Agile vs. Waterfall: What's the difference?",
	year = "2022",
        url = "https://www.forecast.app/blog/difference-between-agile-waterfall"
}

@misc{diffscrum,
	title = "PRINCE2 and Scrum – a comparison",
	year = "2020",
        url = "https://www.forecast.app/blog/difference-between-agile-waterfall"
}

@misc{modernwaterfall,
	title = "PRINCE2 and Scrum – a comparison",
	year = "2020",
        url = "https://www.forecast.app/blog/difference-between-agile-waterfall"
}
