@misc{spotify,
	title = "What is the Agile Spotify Model ",
	year = "2017",
        url = "https://producthq.org/agile/agile-spotify-model/"
}

@misc{modernwaterfall,
	title = "Modern Waterfall ",
	year = "2018",
        url = "https://www.researchgate.net/figure/Modern-Waterfall-Diagram-adapted-from-36_fig2_306446532"
}

@misc{kiss,
	title = "5 Phases of Project Management – A Complete Breakdown ",
	year = "2024",
        url = "https://kissflow.com/project/five-phases-of-project-management/"
}

@misc{Sainsbury,
	title = "5 famous IT project failures – and how you can avoid their pitfalls",
	year = "2009",
        url = "https://www.ratcliff.it/news/5-famous-it-project-failures-and-how-you-can-avoid-their-pitfalls"
}

@misc{betamax,
	title = "12 Top Failed Projects from History",
	year = "2023",
        url = "https://www.projectmanager.com/blog/failed-projects"
}

@misc{waterfallref,
	title = "The Waterfall Model - a Software Development Process",
	year = "2019",
        url = "https://www.linkedin.com/pulse/waterfall-model-introduced-70s-software-development-hani/"
}

@misc{manifesto,
	title = "Manifesto for Agile Software Development",
	year = "2001",
        url = "https://agilemanifesto.org/"
}
