@misc{dama,
	title = "DAMA Data Management",
	year = "2024",
        url = "https://d3lut3gzcpx87s.cloudfront.net/image_encoded/aHR0cHM6Ly9zaWxrc3RhcnQuczMuYW1hem9uYXdzLmNvbS81ZWZkZjdjNDg5M2FhYTA0YjgwNzcwMjYuanBn/x"
}
