@misc{Noel,
	title = "Repurposing",
	year = "2024",
        url = "https://belfastmet.instructure.com/courses/2315/files/929935?wrap=1"
}

@misc{bedside,
	title = "Comparing Physician and Artificial Intelligence Chatbot Responses to Patient Questions Posted to a Public Social Media Forum",
	year = "2023",
        url = "https://jamanetwork.com/journals/jamainternalmedicine/article-abstract/2804309"
}

@misc{futr,
	title = "CHATBOTS FOR BOOKINGS",
	year = "2024",
        url = "https://futr.ai/chatbots-for-bookings/"
}

@misc{booking,
	title = "The effect of chatbots in travel industry",
	year = "2017",
        url = "https://partner.booking.com/en-gb/click-magazine/trends-insights/effect-chatbots-travel-industry-click-bookingcom#understanding-customer-needs-"
}

@misc{velma,
	title = "VELMA THE VIRTUAL ASSISTANT",
	year = "2024",
        url = "https://www.quicktext.im/hotel-chatbot/"
}

@misc{gyan,
	title = "AI-Driven Safety Root-Cause Analysis Tool",
	year = "2024",
        url = "https://www.gyanbots.com/safety-root-cause-tool#:~:text=This%20AI%2DPowered%20Chat%20Bot,enter%20a%20scenario%20to%20analyse."
}

@misc{devops,
	title = "Root Cause Analysis Bot using Machine Learning Techniques",
	year = "2023",
        url = "https://www.techrxiv.org/users/687812/articles/680915-root-cause-analysis-bot-using-machine-learning-techniques"
}